<record><leader>00000cas a22000007a 4500</leader><controlfield tag="001">19226882</controlfield><controlfield tag="008">890216d18861890mouwr ne      0    0eng d</controlfield><datafield ind1=" " ind2=" " tag="010"><subfield code="a">sn 89066294 </subfield></datafield><datafield ind1=" " ind2=" " tag="040"><subfield code="a">MQN</subfield><subfield code="b">eng</subfield><subfield code="c">MQN</subfield><subfield code="d">OCLCQ</subfield></datafield><datafield ind1=" " ind2=" " tag="042"><subfield code="a">msc</subfield></datafield><datafield ind1="0" ind2=" " tag="130"><subfield code="a">Broad-ax (Bethany, Mo.)</subfield></datafield><datafield ind1="1" ind2="4" tag="245"><subfield code="a">The broad-ax.</subfield></datafield><datafield ind1="1" ind2="3" tag="246"><subfield code="a">Bethany broad-ax</subfield></datafield><datafield ind1=" " ind2=" " tag="260"><subfield code="a">Bethany, Harrison County, Mo. :</subfield><subfield code="b">J.H. Cover,</subfield><subfield code="c">1886-</subfield></datafield><datafield ind1=" " ind2=" " tag="300"><subfield code="a">v.</subfield></datafield><datafield ind1=" " ind2=" " tag="310"><subfield code="a">Weekly</subfield></datafield><datafield ind1="0" ind2=" " tag="362"><subfield code="a">Vol. 9, no. 46 (Jan. 7, 1886)-</subfield></datafield><datafield ind1="1" ind2=" " tag="362"><subfield code="a">Ceased in 1890.</subfield></datafield><datafield ind1=" " ind2=" " tag="500"><subfield code="a">"Hew to the line, let the chips fall where they may."</subfield></datafield><datafield ind1=" " ind2=" " tag="752"><subfield code="a">United States</subfield><subfield code="b">Missouri</subfield><subfield code="c">Harrison</subfield><subfield code="d">Bethany.</subfield></datafield><datafield ind1="0" ind2="0" tag="780"><subfield code="t">Bethany broad-ax</subfield><subfield code="w">(DLC)sn 89066293</subfield></datafield><datafield ind1="0" ind2="0" tag="785"><subfield code="t">Harrison County journal (Bethany, Mo.)</subfield><subfield code="w">(DLC)sn 89066295</subfield></datafield></record>